<?xml version="1.0" encoding="UTF-8"?><collection xmlns="http://www.loc.gov/MARC21/slim"><record><leader>00421nam--2200157-i-4500</leader><controlfield tag="001">000048750</controlfield><controlfield tag="002">20161230</controlfield><controlfield tag="005">20170111221736</controlfield><controlfield tag="008">060222s1000------------r-----000-0-eng-d</controlfield><datafield ind1=" " ind2=" " tag="080"><subfield code="a">613.6</subfield></datafield><datafield ind1=" " ind2=" " tag="245"><subfield code="a">The radiation hazard from induced radioactivity of the ps machine</subfield></datafield><datafield ind1=" " ind2=" " tag="260"><subfield code="a">F. Loc</subfield><subfield code="b">F. Ed</subfield></datafield><datafield ind1=" " ind2=" " tag="300"><subfield code="a">7 p.+9 fig.+1 Table</subfield></datafield><datafield ind1=" " ind2=" " tag="490"><subfield code="a">Internal Report Di/Hp/47)</subfield></datafield><datafield ind1=" " ind2=" " tag="852"><subfield code="a">23729</subfield></datafield><datafield ind1=" " ind2=" " tag="CAT"><subfield code="a">SYS</subfield><subfield code="c">20170111</subfield><subfield code="h">221736</subfield></datafield></record></collection>